@article{wickham2011tourr,
  title={tourr: An R package for exploring multivariate data with projections},
  author={Wickham, Hadley and Cook, Dianne and Hofmann, Heike and Buja, Andreas and others},
  journal={Journal of Statistical Software},
  volume={40},
  number={2},
  pages={1--18},
  year={2011},
  publisher={Foundation for Open Access Statistics}
}

@article{wickham2011ggplot2,
  title={ggplot2},
  author={Wickham, Hadley},
  journal={Wiley Interdisciplinary Reviews: Computational Statistics},
  volume={3},
  number={2},
  pages={180--185},
  year={2011},
  publisher={Wiley Online Library}
}